@article{sundials,
  author    = {A.~C.~Hindmarsh and P.~N.~Brown and K.~E.~Grant and S.~L.~Lee
               and R.~Serban and D.~E.~Shumaker and C.~S.~Woodward},
  title     = {\mbox{SUNDIALS}: Suite of nonlinear and differential/algebraic
               equation solvers},
  journal   = {ACM Trans. Math. Softw.},
  volume    = {31},
  number    = {3},
  year      = {2005},
  pages     = {363-396}
availableat=Also available as LLNL technical report UCRL-JP-200037.
}

@techreport{fmi_standard,
   AUTHOR = "Modelisar consortium and Modelica Association Project FMIi",
   TITLE = "{Function Mock-up Interface for Model Exchange and Cosimulation}",
   HOWPUBLISHED = {"https://svn.modelica.org/fmi/branches/public/specifications /v2.0/FMI\_for\_ModelExchange\_and\_CoSimulation\_v2.0.pdf"},
   TYPE="{specification}",
   YEAR = {2014},
   MONTH = {July},

   }

@article{matpower,
  author    = {R.~D.~Zimmerman and C.~E.~Murillo-Sanchez and R.~J.~ Thomas}

  title     = {MATPOWER: Steady-State Operations, Planning and Analysis Tools
     for Power Systems Research and Education},
  journal   = {IEEE Transactions on Power Systems},
  volume    = {26},
  number    = {1},
  year      = {2011},
  pages     = {12-19},
month = {February},

}

@INPROCEEDINGS{FSKIT_MSPCES,
author={B. M. Kelley and P. Top and S. G. Smith and C. S. Woodward and L. Min},
booktitle={Modeling and Simulation of Cyber-Physical Energy Systems (MSCPES), 2015 Workshop on},
title={A federated simulation toolkit for electric power grid and communication network co-simulation},
year={2015},
pages={1-6},
keywords={discrete event simulation;parallel processing;power system protection;power system simulation;power transmission protection;public domain software;relay protection;smart power grids;wide area networks;FSKIT;GridDyn;IEEE 39-bus test system;basic protection relay logic;communication network cosimulation;continuous time simulation;discrete event simulation;electric power grid simulation;federated simulation toolkit;high performance computing oriented power system dynamic simulator;ns-3 open-source network simulator;power system model;power system protection;smart grids;wide-area communication-based electric transmission protection scheme;Communication networks;Object oriented modeling;Power transmission lines;Relays;Smart grids;Synchronization;Communication networks;High performance computing;Power system protection;Simulation;Smartgrids},
doi={10.1109/MSCPES.2015.7115406},
month={April},}
